@article{parallelTrans,
  title={Parallel Transposition of Sparse Data Structures},
  author={Hao Wang, Weifeng Liu, Kaixi Hou, Wu-Chun Feng},
  journal={ICS â€™16},
  year={2016}
}