@article{parallelTrans,
  title={Parallel Transposition of Sparse Data Structures},
  author={Wang, Hao and Liu, Weifeng and Hou, Kaixi},
  journal={ICS â€™16},
  year={2016}
}

@article{scan,
    title={Chapter 39. Parallel Prefix Sum (Scan) with CUDA},
    author={Harris, Mark and Owens, John D.},
    url={https://developer.nvidia.com/gpugems/gpugems3/part-vi-gpu-computing/chapter-39-parallel-prefix-sum-scan-cuda}
}

@article{mergebig,
    title={Bad To Have One Big Merge},
    url={https://www.youtube.com/watch?v=wx8LJIdJ_K8}
}

@dataset{dataset,
	title={The University of Florida Sparse Matrix Collection},
	author={Timothy A. Davis, Yifan Hu},
	journal={ACM Transactions on Mathematical Software},
	year={2011},
	url={https://sparse.tamu.edu/}
}

@link{cusparse,
	url={https://docs.nvidia.com/cuda/cusparse/index.html#abstract}
}
